<record><leader>00000cas a22000007a 4500</leader><controlfield tag="001">17420193</controlfield><controlfield tag="008">880202d18841948ohuwr ne      0    0eng d</controlfield><datafield ind1=" " ind2=" " tag="010"><subfield code="a">sn 88077133 </subfield></datafield><datafield ind1=" " ind2=" " tag="040"><subfield code="a">ONP</subfield><subfield code="b">eng</subfield><subfield code="c">ONP</subfield><subfield code="d">OCLCQ</subfield></datafield><datafield ind1=" " ind2=" " tag="042"><subfield code="a">msc</subfield></datafield><datafield ind1="0" ind2=" " tag="130"><subfield code="a">Troy Democrat (Troy, Ohio)</subfield></datafield><datafield ind1="1" ind2="4" tag="245"><subfield code="a">The Troy Democrat.</subfield></datafield><datafield ind1=" " ind2=" " tag="260"><subfield code="a">Troy, Ohio :</subfield><subfield code="b">J.P. Barron</subfield></datafield><datafield ind1=" " ind2=" " tag="310"><subfield code="a">Weekly</subfield></datafield><datafield ind1="1" ind2=" " tag="362"><subfield code="a">Began in 1884; ceased in 1948?</subfield></datafield><datafield ind1=" " ind2=" " tag="588"><subfield code="a">Description based on: Vol. 12, no. 23 (June 9, 1892).</subfield></datafield><datafield ind1=" " ind2=" " tag="752"><subfield code="a">United States</subfield><subfield code="b">Ohio</subfield><subfield code="c">Miami</subfield><subfield code="d">Troy.</subfield></datafield><datafield ind1="0" ind2="0" tag="780"><subfield code="t">Miami County Democrat (Troy, Ohio)</subfield></datafield></record>